@book{ softwarequalitaet,
	label = {{Liggesmeyer Peter}},
	author = {{Liggesmeyer Peter}},
	title = {Software-Qualität: Testen, Analysieren und Verifizieren von Software},
	publisher = {Springer Science and Business Media},
	note = {2009}}

@book{ qualitaetsmanagement,
	label = {{T.Pfeifer, R. Schmitt}},
	author = {{Tilo Pfeifer und Robert Schmitt}},
	title = {Masing Handbuch Qualitätsmanagement},
	publisher = {Carl Hanser Verlag GmbH Co KG},
	note = {2014}}

@book{ qa_buch, 
	label = {{Linß Gerhard}},
	author = {{Linß Gerhard}},
	title = {Qualitätssicherung - Technische Zuverlässigkeit},
	publisher = {Carl Hanser Verlag München},
	note = {2016}}

@book{ testarten, 
	label = {{Pilorget Lionel}},
	author = {{Pilorget Lionel}},
	title = {Testen von Informationssystemen},
	publisher = {Vieweg Teubner},
	note = {2012}}

@book{ selenium1,
	label = {{Gheorghiu, Grig}}, 
	author = {{Gheorghiu, Grig}},
	title = {A look at Selenium},
	publisher = {Software Quality Engineering},
	note = {2005}}

@book{ testautomatisierung,
	label = {{E. Dustin, J. Rashka, J. Paul}}, 
	author = {{Elfriede Dustin, Jeff Rashka und John Paul}},
	title = {Software automatisch testen},
	publisher = {Springer-Verlag Berlin Heidelberg GmbH},
	note = {2001}}

@book{ schwarze2003kundenorientiertes,
	label = {{Schwarze Jutta}}, 
	author = {{Schwarze Jutta}},
	title = {Kundenorientiertes Qualitätsmanagement in der Automobilindustrie},
	publisher = {Springer-Verlag},
	note = {2003}}

@book{ kochendorfer2004bau,
	label = {{B. Kochendörfer, J. Liebchen, M. Viering}}, 
	author = {{Kochendörfer, Bernd and Liebchen, Jens and Viering, Markus}},
	title = {Bau-Projekt-Management},
	publisher = {Springer},
	note = {2004}}

@book{ reinhart1996unternehmensstrategie,
	label = {{G. Reinhart, U. Lindemann, J. Heinzl}}, 
	author = {{Reinhart, Gunther and Lindemann, Udo and Heinzl, Joachim}},
	title = {Unternehmensstrategie Qualit{\"a}tsmanagement},
	publisher = {Springer},
	note = {1996}}

@book{ evans2004domain,
	label = {{Evans, Eric}}, 
	author = {{Evans, Eric}},
	title = {Domain-driven design: tackling complexity in the heart of software},
	publisher = {Addison-Wesley Professional},
	note = {2004}}

@article{ winter2013testverfahren,
	label = {{Winter Mario}},
	author={{Winter Mario}},
	title={Testverfahren und Strategien zum Integrationstest},
	journal={Softwaretechnik-Trends},
	volume={33},
	number={2},
	note={2013} }

@article{ gelperin1988growth,
	label = {{D. Gelperin, B. Hetzel}},
	author={{D. Gelperin, B. Hetzel}},
	title={The Growth of Software Testing},
	journal={Communications of the ACM},
	volume={31},
	number={6},
	pages={687--695},
	publisher={ACM},
	note={1988} }

@article{ frueheTesterfaengtdenWurm,
	label = {{Petry, Andr{\'e}}},
	author={{Petry, Andr{\'e}}},
	title={Der fr{\"u}he Tester f{\"a}ngt den Bug},
	note={2013} }

@article{ soeken2012assisted,
	label = {{M. Soeken, R. Wille, R. Drechsler}},
	author={{Soeken, Mathias and Wille, Robert and Drechsler, Rolf}},
	title={Assisted behavior driven development using natural language processing},
	journal={Objects, models, components, patterns},
	pages={269--287},
	publisher={Springer},
	note={2012} }

@online{ cypress, 
	label = {{Cypress}}, 
	author = {{Cypress.io}},
	url = {https://www.cypress.io},
	urldate ={2018-03-07}}

@online{ selenium, 
	label = {{Selenium}}, 
	author = {{Seleniumhq.org}},
	url = {https://www.seleniumhq.org},
	urldate ={2018-13-07}}

@online{ npm,
	label = {{Npm}},  
	author = {{Npmjs.com}},
	url = {https://www.npmjs.com},
	urldate ={2018-03-07}}

@online{ gitbook, 
	label = {{Git}}, 
	author = {{Git}},
	url = {https://git-scm.com/book/de/v1/},
	urldate ={2018-03-07}}

@online{ python, 
	label = {{Python Docs}}, 
	author = {{docs.python.org}},
	url = {https://docs.python.org},
	urldate ={2018-03-07}}

@online{ pytest, 
	label = {{Pytest Docs}}, 
	author = {{docs.pytest.org}},
	url = {https://docs.pytest.org},
	urldate ={2018-03-07}}

@online{ github, 
	label = {{Github}}, 
	author = {{github.com}},
	url = {https://github.com/},
	urldate ={2018-03-07}}

@online{ travis, 
	label = {{Travis}}, 
	author = {{travis-ci.org}},
	url = {https://travis-ci.org/},
	urldate ={2018-03-07}}

@online{ visualstudio, 
	label = {{Visualstudio}}, 
	author = {{code.visualstudio.com}},
	url = {https://code.visualstudio.com/},
	urldate ={2018-03-07}}

@online{ testpyramide, 
	label = {{Openknowledge Testpyramide}}, 
	author = {{openknowledge.de}},
	url = {http://www.openknowledge.de/test-pyramid/},
	urldate ={2018-03-07}}

@online{ cucumber, 
	label = {{Cucumber}}, 
	author = {{cucumber.io}},
	url = {https://cucumber.io/},
	urldate ={2018-03-07}}

@online{ gherkin, 
	label = {{Gherkin}}, 
	author = {{Gherkin}},
	url = {https://github.com/cucumber/cucumber/wiki/Gherkin},
	urldate ={2018-03-07}}

@online{ behave, 
	label = {{Behave Docs}}, 
	author = {behave.readthedocs.io}},
	url = {http://behave.readthedocs.io/en/latest},
	urldate ={2018-03-07}}

@online{ lettuce, 
	label = {{Lettuce}}, 
	author = {{lettuce.it}},
	url = {http://lettuce.it/},
	urldate ={2018-03-07}}

@online{ json, 
	label = {{Json}}, 
	author = {{json.org}},
	url = {https://www.json.org/json-de.html},
	urldate ={2018-03-07}}

@online{ node, 
	label = {{Nodejs}}, 
	author = {{nodejs.org}},
	url = {https://nodejs.org/en/},
	urldate ={2018-02-13}}

@online{ seleniumInstallation, 
	label = {{Selenium Installation}}, 
	author = {{selenium-python.readthedocs.io}},
	url = {http://selenium-python.readthedocs.io/installation.html},
	urldate ={2018-03-07}}

@online{ seleniumLocators, 
	label = {{Selenium Locators}}, 
	author = {{seleniumeasy.com}},
	url = {http://www.seleniumeasy.com/selenium-tutorials/selenium-locators},
	urldate ={2018-03-07}}

@online{ cypressDocs, 
	label = {{Cypress Docs}}, 
	author = {{docs.cypress.io}},
	url = {https://docs.cypress.io/},
	urldate ={2018-03-07}}

@online{ seleniumIDE, 
	label = {{Selenium IDE}}, 
	author = {{seleniumhq.org}},
	url = {https://www.seleniumhq.org/download/#selenium_ide},
	urldate ={2018-03-07}}

@online{ cypressIssue136, 
	label = {{Cypress Issue 136}}, 
	author = {{cypress.io}},
	url = {https://docs.cypress.io/guides/references/known-issues.html#Iframes},
	urldate ={2018-03-07}}

@online{ cypressGithubIssue310, 
	label = {{Cypress Github Issue 310}}, 
	author = {{dgithub.com/cypress-io}},
	url = {https://github.com/cypress-io/cypress/issues/310},
	urldate ={2018-03-07}}

@online{ cypressGithubIssue136, 
	label = {{Cypress Github Issue 136}}, 
	author = {{github.com/cypress-io}},
	url = {https://github.com/cypress-io/cypress/issues/136},
	urldate ={2018-03-07}}

@online{ cypressChangelog, 
	label = {{Cypress Changelog}}, 
	author = {{docs.cypress.io}},
	url = {https://docs.cypress.io/guides/references/changelog.html},
	urldate ={2018-03-07}}

@online{ glomex, 
	label = {{Glomex}}, 
	author = {{glomex}},
	url = {https://www.glomex.com/de/},
	urldate ={2018-03-07}}

@online{ glomexAbout, 
	label = {{Glomex About}}, 
	author = {{glomex}},
	url = {https://www.glomex.com/de/corporate/about-us/},
	urldate ={2018-03-07}}

@online{ travisStart, 
	label = {{Travis getting started}}, 
	author = {{travis-ci}},
	url = {https://docs.travis-ci.com/user/getting-started/},
	urldate ={2018-03-07}}

@online{ cypressTravisYml, 
	label = {{Cypress .travis.yml}}, 
	author = {{github.com/cypress-io}},
	url = {https://github.com/cypress-io/cypress-example-todomvc/blob/master/.travis.yml},
	urldate ={2018-03-07}}

@online{ cypressDashboardLogin, 
	label = {{Cypress Dashboard Login}}, 
	author = {{cypress.io}},
	url = {https://dashboard.cypress.io/#/login},
	urldate ={2018-03-07}}

@online{ cypressDashboard, 
	label = {{Cypress Dashboard}}, 
	author = {{cypress.io}},
	url = {https://dashboard.cypress.io},
	urldate ={2018-03-07}}

@online{ bash, 
	label = {{Ubuntuusers Bash}}, 
	author = {{wiki.ubuntuusers.de}},
	url = {https://wiki.ubuntuusers.de/Bash/},
	urldate ={2018-03-07}}

@online{ assertion, 
	label = {{Wikipedia Assertion (Informatik)}}, 
	author = {{de.wikipedia.org}},
	url = {https://de.wikipedia.org/wiki/Assertion_(Informatik)},
	urldate ={2018-03-07}}

@online{ branch, 
	label = {{git-scm book Git-Branching}}, 
	author = {{git-scm.com}},
	url = {https://git-scm.com/book/de/v2/Git-Branching-Branches-in-a-Nutshell},
	urldate ={2018-03-07}}

@online{ browser, 
	label = {{Wikipedia Webbrowser}}, 
	author = {{de.wikipedia.org}},
	url = {https://de.wikipedia.org/wiki/Webbrowser},
	urldate ={2018-03-07}}

@online{ crossBrowser, 
	label = {{Developer Mozilla Cross-Browser}}, 
	author = {{developer.mozilla.org}},
	url = {https://developer.mozilla.org/en-US/docs/Learn/Tools_and_testing/Cross_browser_testing/Introduction},
	urldate ={2018-03-07}}

@online{ fixture, 
	label = {{Wikipedia Test Fixture (Software)}}, 
	author = {{en.wikipedia.org}},
	url = {https://en.wikipedia.org/wiki/Test_fixture},
	urldate ={2018-03-07}}

@online{ iFrame, 
	label = {{Wikipedia InLineFrame}}, 
	author = {{de.wikipedia.org}},
	url = {https://de.wikipedia.org/wiki/Inlineframe},
	urldate ={2018-02-22}}

@online{ locator, 
	label = {{Protechtraining Locators}}, 
	author = {{protechtraining.com}},
	url = {https://www.protechtraining.com/content/selenium_tutorial-locators},
	urldate ={2018-03-07}}

@online{ paketmanager, 
	label = {{Wikipedia Paketverwaltung}}, 
	author = {{de.wikipedia.org}},
	url = {https://de.wikipedia.org/wiki/Paketverwaltung},
	urldate ={2018-03-07}}

@online{ parser, 
	label = {{xovi Parser}}, 
	author = {{xovi.de}},
	url = {https://www.xovi.de/wiki/Parser},
	urldate ={2018-03-07}}

@online{ plugin, 
	label = {{Wikipedia Plug-in}}, 
	author = {{de.wikipedia.org}},
	url = {https://de.wikipedia.org/wiki/Plug-in},
	urldate ={2018-03-07}}

@online{ repository, 
	label = {{Itwissen Repository}}, 
	author = {{itwissen.info}},
	url = {https://www.itwissen.info/Repository-repository.html},
	urldate ={2018-03-07}}

@online{ snapshot, 
	label = {{Wikipedia Snapshot}}, 
	author = {{de.wikipedia.org}},
	url = {https://de.wikipedia.org/wiki/Schnappschuss_(Informationstechnik)},
	urldate ={2018-03-07}}

@online{ syntax, 
	label = {{Wikipedia Syntax-Highlighting}}, 
	author = {{de.wikipedia.org}},
	url = {https://de.wikipedia.org/wiki/Syntaxhervorhebung},
	urldate ={2018-03-07}}

@online{ thread, 
	label = {{Chip Thread}}, 
	author = {{chip.de}},
	url = {https://praxistipps.chip.de/was-ist-ein-thread-einfach-erklaert_41603},
	urldate ={2018-03-07}}

@online{ workaround, 
	label = {{Wikipedia Workaround}}, 
	author = {{de.wikipedia.org}},
	url = {https://de.wikipedia.org/wiki/Workaround},
	urldate ={2018-03-07}}



